@ARTICLE{aicardi,
    AUTHOR="M. Aicardi et al.",
    TITLE="Closed Loop Steering of Unicycle-like Vehicles via Lyapunov Techniques",
    JOURNAL="IEEE Robotics and Automation Magazine",
    YEAR="1995",
}